<Stmt>
    <Id>201703261701589650000001</Id>
    <CreDtTm>2018-02-01 14:37:57.583310</CreDtTm>
    <FrToDt>
        <FrDtTm>2018-01-31</FrDtTm>
        <ToDtTm>2018-01-25</ToDtTm>
    </FrToDt>
    <Bal>
        <Tp>
            <CdOrPrtry>
                <Cd>OPBD</Cd>
            </CdOrPrtry>
        </Tp>
        <Amt Ccy="EUR">3677</Amt>
        <CdtDbtInd>CRDT</CdtDbtInd>
        <Dt>
            <Dt>2016-11-08</Dt>
        </Dt>
    </Bal>
    <Ntry>
        <NtryRef>1234567890</NtryRef>
        <Amt Ccy="EUR">4000.00</Amt>
        <CdtDbtInd>DBIT</CdtDbtInd>
        <Sts>BOOK</Sts>
        <BookgDt>
            <Dt>2018-01-28</Dt>
        </BookgDt>
        <ValDt>
            <Dt>2018-01-28</Dt>
        </ValDt>
        <AcctSvcrRef>1234567890</AcctSvcrRef>
    </Ntry>
</Stmt>